<?xml version="1.0"?>
<marc:records xmlns:marc="http://www.loc.gov/MARC21/slim" xmlns:xsi="http://www.w3.org/2001/XMLSchema-instance" xsi:schemaLocation="http://www.loc.gov/MARC21/slim http://www.loc.gov/standards/marcxml/schema/MARC21slim.xsd">
  <marc:record>
    <marc:leader>04213ctm a2200517Ia 4500</marc:leader>
    <marc:controlfield tag="001">9944235803503681</marc:controlfield>
    <marc:controlfield tag="005">20200713134346.0</marc:controlfield>
    <marc:controlfield tag="008">081202s1745    xx a          000 0 ara d</marc:controlfield>
    <marc:datafield ind1=" " ind2=" " tag="035">
  <marc:subfield code="a">(OCoLC)276879961</marc:subfield>
</marc:datafield>
    <marc:datafield ind1=" " ind2=" " tag="035">
  <marc:subfield code="a">(OCoLC)ocn276879961</marc:subfield>
</marc:datafield>
    <marc:datafield ind1=" " ind2=" " tag="040">
  <marc:subfield code="a">PAU</marc:subfield>
  <marc:subfield code="b">eng</marc:subfield>
  <marc:subfield code="c">PAU</marc:subfield>
  <marc:subfield code="d">OCLCQ</marc:subfield>
  <marc:subfield code="d">OCLCA</marc:subfield>
  <marc:subfield code="d">PAU</marc:subfield>
</marc:datafield>
    <marc:datafield ind1=" " ind2="9" tag="099">
  <marc:subfield code="a">CAJS Rar Ms 181</marc:subfield>
</marc:datafield>
    <marc:datafield ind1="0" ind2="0" tag="245">
  <marc:subfield code="6">880-01</marc:subfield>
  <marc:subfield code="a">Kita&#x304;b al-sala&#x304;ma&#x304;t.</marc:subfield>
</marc:datafield>
    <marc:datafield ind1="3" ind2="0" tag="246">
  <marc:subfield code="6">880-02</marc:subfield>
  <marc:subfield code="a">Sala&#x304;ma&#x304;t.</marc:subfield>
</marc:datafield>
    <marc:datafield ind1=" " ind2=" " tag="260">
  <marc:subfield code="a">[Egypt?],</marc:subfield>
  <marc:subfield code="c">1745.</marc:subfield>
</marc:datafield>
    <marc:datafield ind1=" " ind2=" " tag="300">
  <marc:subfield code="a">171 leaves :</marc:subfield>
  <marc:subfield code="b">paper, illustrations ;</marc:subfield>
  <marc:subfield code="c">162 x 106 mm bound to 168 x 118 mm.</marc:subfield>
</marc:datafield>
    <marc:datafield ind1=" " ind2=" " tag="336">
  <marc:subfield code="a">text</marc:subfield>
  <marc:subfield code="b">txt</marc:subfield>
  <marc:subfield code="2">rdacontent</marc:subfield>
</marc:datafield>
    <marc:datafield ind1=" " ind2=" " tag="337">
  <marc:subfield code="a">unmediated</marc:subfield>
  <marc:subfield code="b">n</marc:subfield>
  <marc:subfield code="2">rdamedia</marc:subfield>
</marc:datafield>
    <marc:datafield ind1=" " ind2=" " tag="338">
  <marc:subfield code="a">volume</marc:subfield>
  <marc:subfield code="b">nc</marc:subfield>
  <marc:subfield code="2">rdacarrier</marc:subfield>
</marc:datafield>
    <marc:datafield ind1=" " ind2=" " tag="500">
  <marc:subfield code="a">Ms. codex.</marc:subfield>
</marc:datafield>
    <marc:datafield ind1=" " ind2=" " tag="500">
  <marc:subfield code="a">Title from colophon (f. 171r).</marc:subfield>
</marc:datafield>
    <marc:datafield ind1=" " ind2=" " tag="500">
  <marc:subfield code="a">Foliation: Paper, 171 + iii; 4-67, [68], 69-92, 94, [iv], 96-97, 100-174; Coptic foliation in black and red ink, upper left recto. Catchwords on versos, lower left corner.</marc:subfield>
</marc:datafield>
    <marc:datafield ind1=" " ind2=" " tag="500">
  <marc:subfield code="a">Layout: Written in 9-10 lines per page in black and red ink; text frame-ruled in blind.</marc:subfield>
</marc:datafield>
    <marc:datafield ind1=" " ind2=" " tag="500">
  <marc:subfield code="a">Script: Written in a bold naskh in black and red ink; pointed, partially vocalized.</marc:subfield>
</marc:datafield>
    <marc:datafield ind1=" " ind2=" " tag="500">
  <marc:subfield code="a">Decoration: Rubrications in red. 16 full page ink drawings, some colored: Virgin Mary and Christ Child (f. 34v); Angel Mi&#x304;kha&#x304;&#x2BC;i&#x304;l (f. [65]v); Angel Ghabriya&#x304;l (f. 73v); Angel Ra&#x304;fa&#x304;&#x2BC;i&#x304;l (f. 79v); Angel Su&#x304;riya&#x304;l (f. 83v); the four incorporeal beasts (f. 86v); Yu&#x304;h&#x323;anna&#x304; al-Ma&#x2BB;mada&#x304;n (f. 97v); But&#x323;rus, ra&#x304;&#x2BC;is al-rusul (f. 101v); al-Qiddi&#x304;s Ma&#x304;r Jirjis (f. 111v); al-Qiddi&#x304;s Ant&#x323;u&#x304;niyu&#x304;s (f. 115v); al-Qiddi&#x304;s Anba&#x304; Bawla&#x304; al-Sa&#x304;&#x2BC;ih&#x323;&#x323; (f. 133v); al-Qiddi&#x304;s Anba&#x304; Maqa&#x304;r (f. 136v); al-Qiddi&#x304;s Anba&#x304; Bi&#x304;shuwi&#x304; (f. 141v); al-Qiddi&#x304;s Anba&#x304; Mu&#x304;sa&#x301; al-Aswad (f. 156v); al-Qiddi&#x304;s Anba&#x304; Bakhu&#x304;m (f. 162v); al-Qiddi&#x304;s Anba&#x304; Shanu&#x304;dah (f. 166v). Some leaves have simple decorative elements in black and red ink.</marc:subfield>
</marc:datafield>
    <marc:datafield ind1=" " ind2=" " tag="500">
  <marc:subfield code="a">Binding: Full brown leather; upper board tooled in blind; white paper label with typed shelf-mark on spine. Upper board detached; lower board mutilated with severe worming; spine damaged.</marc:subfield>
</marc:datafield>
    <marc:datafield ind1=" " ind2=" " tag="500">
  <marc:subfield code="a">Origin: Copied in the year 1461 of the Blessed Martyrs = 1745 C.E.</marc:subfield>
</marc:datafield>
    <marc:datafield ind1=" " ind2=" " tag="500">
  <marc:subfield code="a">Copy has ms. inscription in Arabic script and drawing on verso of last endleaf; ms. inscription in Arabic script (f. [iv] verso); a few leaves have ms. annotations. All leaves before f. 4 and all after f. 174 wanting. Many leaves have bottom outer corners damaged or torn off; f. 45 torn vertically across lower half of leaf; f. 80 cut off at head margin without loss of text; f. 155 torn at outer margin; some leaves at end stained at outer margin.</marc:subfield>
</marc:datafield>
    <marc:datafield ind1=" " ind2=" " tag="520">
  <marc:subfield code="a">Prayers and invocations to the Blessed Virgin, Angels, Saints and Martyrs to be recited on special occasions.</marc:subfield>
</marc:datafield>
    <marc:datafield ind1=" " ind2=" " tag="524">
  <marc:subfield code="a">CAJS Rar Ms 181</marc:subfield>
</marc:datafield>
    <marc:datafield ind1=" " ind2=" " tag="546">
  <marc:subfield code="a">Arabic.</marc:subfield>
</marc:datafield>
    <marc:datafield ind1="1" ind2=" " tag="561">
  <marc:subfield code="a">Presented to the Library of the Dropsie College for Hebrew and Cognate Learning by Dr. Cyrus Adler (bookplate with ms. shelf mark, front pastedown).</marc:subfield>
</marc:datafield>
    <marc:datafield ind1="2" ind2="0" tag="610">
  <marc:subfield code="a">Coptic Church</marc:subfield>
  <marc:subfield code="x">Liturgy</marc:subfield>
  <marc:subfield code="x">Texts.</marc:subfield>
</marc:datafield>
    <marc:datafield ind1="2" ind2="0" tag="610">
  <marc:subfield code="a">Coptic Church</marc:subfield>
  <marc:subfield code="x">Prayers and devotions.</marc:subfield>
</marc:datafield>
    <marc:datafield ind1=" " ind2="0" tag="655">
  <marc:subfield code="a">Manuscripts, Arabic</marc:subfield>
  <marc:subfield code="y">18th century.</marc:subfield>
</marc:datafield>
    <marc:datafield ind1=" " ind2="7" tag="655">
  <marc:subfield code="a">Codices (bound manuscripts)</marc:subfield>
  <marc:subfield code="2">aat</marc:subfield>
</marc:datafield>
    <marc:datafield ind1=" " ind2="7" tag="655">
  <marc:subfield code="a">Prayers (literary works)</marc:subfield>
  <marc:subfield code="2">aat</marc:subfield>
</marc:datafield>
    <marc:datafield ind1="1" ind2=" " tag="700">
  <marc:subfield code="a">Adler, Cyrus,</marc:subfield>
  <marc:subfield code="d">1863-1940,</marc:subfield>
  <marc:subfield code="e">donor.</marc:subfield>
</marc:datafield>
    <marc:datafield ind1="2" ind2=" " tag="710">
  <marc:subfield code="a">Dropsie College for Hebrew and Cognate Learning,</marc:subfield>
  <marc:subfield code="e">former owner.</marc:subfield>
</marc:datafield>
    <marc:datafield ind1=" " ind2=" " tag="852">
  <marc:subfield code="b">Library at the Herbert D. Katz Center for Advanced Judaic Studies</marc:subfield>
  <marc:subfield code="a">University of Pennsylvania</marc:subfield>
  <marc:subfield code="e">420 Walnut Street, Philadelphia, Pennsylvania 19106-3703.</marc:subfield>
  <marc:subfield code="j">CAJS Rar Ms 181</marc:subfield>
</marc:datafield>
    <marc:datafield ind1="4" ind2="0" tag="856">
  <marc:subfield code="u">http://hdl.library.upenn.edu/1017.4/12492.207106</marc:subfield>
  <marc:subfield code="z">Facsimiles</marc:subfield>
</marc:datafield>
    <marc:datafield ind1="0" ind2="0" tag="880">
  <marc:subfield code="6">245-01//r</marc:subfield>
  <marc:subfield code="a">&#x643;&#x62A;&#x627;&#x628; &#x627;&#x644;&#x633;&#x644;&#x627;&#x645;&#x627;&#x62A;.</marc:subfield>
</marc:datafield>
    <marc:datafield ind1="3" ind2="0" tag="880">
  <marc:subfield code="6">246-02//r</marc:subfield>
  <marc:subfield code="a">&#x633;&#x644;&#x627;&#x645;&#x627;&#x62A;.</marc:subfield>
</marc:datafield>
    <marc:datafield ind1=" " ind2=" " tag="948">
  <marc:subfield code="h">HELD BY PAU - 0 OTHER HOLDINGS</marc:subfield>
</marc:datafield>
    <marc:datafield ind1=" " ind2=" " tag="994">
  <marc:subfield code="a">Z0</marc:subfield>
  <marc:subfield code="b">PAU</marc:subfield>
</marc:datafield>
    <marc:datafield ind1=" " ind2=" " tag="996">
  <marc:subfield code="a">hinge-right</marc:subfield>
</marc:datafield>
    <marc:holdings>
      <marc:holding>
        <marc:holding_id>22321011070003681</marc:holding_id>
        <marc:call_number>CAJS Rar Ms 181</marc:call_number>
        <marc:library>KatzLib</marc:library>
        <marc:location>cjsrarms</marc:location>
      </marc:holding>
    </marc:holdings>
  </marc:record>
</marc:records>
